@online{AzumaPhD,
title="So long, and thanks for the Ph.D.!",
author={Azuma, Ronald T.},
year={2019},
month={02},
url={https://www.cs.unc.edu/~azuma/hitch4.html},
urldate={2021-05-04}
}

@online{robertsonwebsite,
title="Research Group Applicants",
author={Robertson, William K.},
year={2020},
month={08},
day={24},
url={https://wkr.io/post/research-group-applicants/},
urldate={2021-05-04}
}